% This file was created with JabRef 2.3.1.
% Encoding: ISO8859_1

@inproceedings{dupret2010model,
  title={A model to estimate intrinsic document relevance from the clickthrough logs of a web search engine},
  author={Dupret, Georges and Liao, Ciya},
  booktitle={Proceedings of the third ACM international conference on Web search and data mining},
  pages={181--190},
  year={2010}
}

@inproceedings{dupret2013absence,
  title={Absence time and user engagement: evaluating ranking functions},
  author={Dupret, Georges and Lalmas, Mounia},
  booktitle={Proceedings of the sixth ACM international conference on Web search and data mining},
  pages={173--182},
  year={2013}
}

@article{dupret2024fortune,
  title={ForTune: Running Offline Scenarios to Estimate Impact on Business Metrics},
  author={Dupret, Georges and Sozinov, Konstantin and Gonzalez, Carmen Barcena and Zacks, Ziggy and Yuan, Amber and Carterette, Benjamin and Mai, Manuel and Bansal, Shubham and Lien, Gwo Liang Leo and Gatash, Andrey and others},
  journal={arXiv preprint arXiv:2403.00133},
  year=2025,
  booktitle = {KDD2025, Applied Data Science (ADS) Track},
  publisher = {Association for Computing Machinery},
  note = {accepted to KDD (ADS) 2025}
}

@inproceedings{dupret2010user,
  title={A user behavior model for average precision and its generalization to graded judgments},
  author={Dupret, Georges and Piwowarski, Benjamin},
  booktitle={Proceedings of the 33rd international ACM SIGIR conference on research and development in information retrieval},
  pages={531--538},
  year={2010}
}
